<record xmlns="http://www.loc.gov/MARC21/slim" xmlns:xsi="http://www.w3.org/2001/XMLSchema-instance" xsi:schemaLocation="http://www.loc.gov/MARC21/slim http://www.loc.gov/standards/marcxml/schema/MARC21slim.xsd"><leader>01227nam a2200265   4500</leader><controlfield tag="001">001680166</controlfield><controlfield tag="003">NNU</controlfield><controlfield tag="006">m        d        </controlfield><controlfield tag="007">cr cn |||m|||a</controlfield><controlfield tag="008">140707s1968    iq      o     000 0 ara</controlfield><datafield ind1=" " ind2=" " tag="040"><subfield code="a">NNU</subfield><subfield code="b">eng</subfield><subfield code="c">NNU</subfield></datafield><datafield ind1="1" ind2=" " tag="100"><subfield code="a">al-Ba&#7779;r&#299;, &#699;Abd al-Jabb&#257;r D&#257;w&#363;d.</subfield></datafield><datafield ind1="1" ind2="0" tag="245"><subfield code="a">Shay&#700; min al-tur&#257;th</subfield><subfield code="h">[electronic resource],</subfield><subfield code="b">dir&#257;s&#257;t jad&#299;dah f&#299; ta&#7789;awwur bin&#257;&#700; al-qa&#7779;&#299;dah al-&#699;Arab&#299;yah [ta&#700;l&#299;f] &#699;Abd al-Jabb&#257;r D&#257;w&#363;d al-Ba&#7779;r&#299;.</subfield></datafield><datafield ind1=" " ind2=" " tag="260"><subfield code="a">Baghd&#257;d,</subfield><subfield code="b">Ma&#7789;ba&#699;at D&#257;r al-Ba&#7779;r&#299;,</subfield><subfield code="c">1968.</subfield></datafield><datafield ind1=" " ind2=" " tag="300"><subfield code="a">online resource (318 p.)</subfield></datafield><datafield ind1=" " ind2=" " tag="500"><subfield code="a">Bibliography: p. 281-290.</subfield></datafield><datafield ind1=" " ind2=" " tag="500"><subfield code="a">Part of the Arabic Collections Online (ACO) project, contributed by New York Univeristy Libraries.</subfield></datafield><datafield ind1=" " ind2=" " tag="533"><subfield code="a">Electronic reproduction.</subfield><subfield code="b">New York, N.Y. :</subfield><subfield code="c">New York University,</subfield><subfield code="d">2014.</subfield><subfield code="5">NNU</subfield></datafield><datafield ind1=" " ind2="0" tag="650"><subfield code="a">Qasidas</subfield><subfield code="x">History and criticism.</subfield></datafield><datafield ind1=" " ind2="0" tag="650"><subfield code="a">Arabic poetry</subfield><subfield code="x">History and criticism.</subfield></datafield><datafield ind1="2" ind2=" " tag="710"><subfield code="a">New York University.</subfield><subfield code="b">Libraries.</subfield></datafield><datafield ind1="0" ind2=" " tag="730"><subfield code="a">Arabic Collections Online.</subfield></datafield><datafield ind1="0" ind2="8" tag="776"><subfield code="i">Print version:</subfield><subfield code="a">al-Ba&#7779;r&#299;, &#699;Abd al-Jabb&#257;r D&#257;w&#363;d.</subfield><subfield code="t">Shay&#700; min al-tur&#257;th</subfield><subfield code="w">(NNU)001680166</subfield><subfield code="w">(DLC)79214090</subfield></datafield><datafield ind1="4" ind2="0" tag="856"><subfield code="u">http://hdl.handle.net/2333.1/6djh9xsf</subfield></datafield><datafield ind1=" " ind2=" " tag="959"><subfield code="a">NNU</subfield><subfield code="b">WEB</subfield><subfield code="c">GENI</subfield><subfield code="t">0</subfield><subfield code="m">Electronic access</subfield><subfield code="s">01</subfield></datafield></record>